<?xml version="1.0" encoding="UTF-8"?>
<?xml-stylesheet type="text/xsl" href="https://www.revistas.usp.br/lib/pkp/xml/oai2.xsl" ?>
<OAI-PMH xmlns="http://www.openarchives.org/OAI/2.0/" xmlns:xsi="http://www.w3.org/2001/XMLSchema-instance" xsi:schemaLocation="http://www.openarchives.org/OAI/2.0/ http://www.openarchives.org/OAI/2.0/OAI-PMH.xsd">
<responseDate>2023-08-07T14:49:53Z</responseDate>
<request verb="ListRecords" metadataPrefix="marcxml" set="actafisiatrica">https://www.revistas.usp.br/actafisiatrica/oai</request>
<ListRecords>
<record>
<header>
<identifier>oai:revistas.usp.br:article/102074</identifier>
<datestamp>2020-07-31T22:32:59Z</datestamp>
<setSpec>actafisiatrica:Art.+Orig.</setSpec>
<setSpec>driver</setSpec>
</header>
<metadata>
<record xmlns="http://www.loc.gov/MARC21/slim" xmlns:xsi="http://www.w3.org/2001/XMLSchema-instance" xsi:schemaLocation="http://www.loc.gov/MARC21/slim http://www.loc.gov/standards/marcxml/schema/MARC21slim.xsd">
<leader>     nmb a2200000Iu 4500</leader>
<controlfield tag="008">"970821 1997                        eng  "</controlfield>
<datafield tag="022" ind1="#" ind2="#">
<subfield code="$a">2317-0190</subfield>
</datafield>
<datafield tag="022" ind1="#" ind2="#">
<subfield code="$a">0104-7795</subfield>
</datafield>
<datafield tag="042" ind1=" " ind2=" ">
<subfield code="a">dc</subfield>
</datafield>
<datafield tag="245" ind1="0" ind2="0">
<subfield code="a">Efeitos do treinamento físico específico nas respostas cardiorrespiratórias e metabólicas em repouso e no exercício máximo em jogadores de futebol profissional</subfield>
</datafield>  <datafield tag="720" ind1="1" ind2=" ">
<subfield code="a">Silva, Paulo Roberto Santos</subfield>
<subfield code="u">Universidade de São Paulo. Faculdade de Medicina</subfield></datafield>
<datafield tag="720" ind1="1" ind2=" ">
<subfield code="a">Romano, Angela</subfield>
<subfield code="u">Universidade de São Paulo. Faculdade de Medicina</subfield></datafield>
<datafield tag="720" ind1="1" ind2=" ">
<subfield code="a">Yazbek Junior, Paulo</subfield>
<subfield code="u">Universidade de São Paulo. Faculdade de Medicina</subfield></datafield>
<datafield tag="720" ind1="1" ind2=" ">
<subfield code="a">Battistella, Linamara Rizzo</subfield>
<subfield code="u">Universidade de São Paulo. Faculdade de Medicina/USP</subfield><subfield code="0">https://orcid.org/0000-0001-5275-0733</subfield></datafield>
<datafield tag="520" ind1=" " ind2=" ">
<subfield code="a"> O objetivo deste estudo foi analisar as alterações provocadas pelo treinamento físico específico (TFE) nas respostas cardiorrespiratórias e metabólicas de 16 jogadores de futebol profissional, com média de idade de 24,2 ± 3,6 anos. Todos os atletas foram avaliados antes e depois de quinze semanas de um programa de TFE, durante período competitivo. Os futebolistas foram submetidos a teste máximo em esteira rolante, utilizando-se o protocolo de Ellestad. A resposta de freqüência cardíaca (FC) foi registrada por meio de um eletrocardiógrafo de 3 derivações simultâneas e a pressão arterial (PA), por meio de método auscultatório. A ventilação pulmonar (VE), o consumo de oxigênio (VO2), a produção de dióxido de carbono (VCO2) e a razão de troca respiratória (RER) foram calculados a partir de valores medidos por um sistema espirométrico computadorizado (BECKMAN) e a capacidade anaeróbia máxima, por meio da concentração sanguínea de ácido lático, utilizando-se analisador automático. O TFE não modificou significativamente a FC máxima (192 ± 8 versus 186 ± 6 bpm) e a PA sistólica máxima (196 ± 10 versus 198 ± 8 mmHg). A resposta ventilatória máxima foi significativamente aumentada (129 ± 19 versus 140 ± 16 L .min-1 [p&lt; 0.05]), enquanto a capacidade aeróbia máxima não foi significativamente modificada (50,0 ± 6,0 vs 53,0 ± 5,0 ml.kg.-1min-1) por esse treinamento. Ao contrário, a capacidade anaeróbia máxima aumentou significativamente (8,3 ± 0,2 versus 9,8 ± 2,4 mmol. L-1 [p&lt; 0,05]). Concluiu-se: 1) O TFE não modificou as respostas de FC e PA no repouso e no exercício máximo; 2) A maior VE no exercício máximo associada a elevada concentração sanguínea de ácido lático demonstraram que o TFE utilizado nesse estudo foi caracterizado por exercícios predominantemente intensos e 3) O TFE não representou estímulo adequado para aumentar a capacidade aeróbia máxima dos futebolistas. </subfield>
</datafield>
<datafield tag="260" ind1=" " ind2=" ">
<subfield code="b">Faculdade de Medicina, Universidade de São Paulo</subfield>
</datafield>
<dataField tag="260" ind1=" " ind2=" ">
<subfield code="c">1997-08-21 00:00:00</subfield>
</dataField>   <datafield tag="856" ind1=" " ind2=" ">
<subfield code="q">application/pdf</subfield>
</datafield>
<datafield tag="856" ind1="4" ind2="0">
<subfield code="u">https://www.revistas.usp.br/actafisiatrica/article/view/102074</subfield>
</datafield>  <datafield tag="786" ind1="0" ind2=" ">
<subfield code="n">Acta Fisiátrica; v. 4 n. 2 (1997)</subfield>
</datafield>  <datafield tag="546" ind1=" " ind2=" ">
<subfield code="a">por</subfield>
</datafield>   <datafield tag="540" ind1=" " ind2=" ">
<subfield code="a">Copyright (c) 1997 Acta Fisiátrica</subfield>
</datafield>
</record>
</metadata>
</record>