
<record>
<header>
<identifier>oai:revistas.usp.br:article/102077</identifier>
<datestamp>2020-07-31T22:33:29Z</datestamp>
<setSpec>actafisiatrica:Art.+Rev.+Atual.</setSpec>
<setSpec>driver</setSpec>
</header>
<metadata>
<record xmlns="http://www.loc.gov/MARC21/slim" xmlns:xsi="http://www.w3.org/2001/XMLSchema-instance" xsi:schemaLocation="http://www.loc.gov/MARC21/slim http://www.loc.gov/standards/marcxml/schema/MARC21slim.xsd">
<leader>     nmb a2200000Iu 4500</leader>
<controlfield tag="008">"970821 1997                        eng  "</controlfield>
<datafield tag="022" ind1="#" ind2="#">
<subfield code="$a">2317-0190</subfield>
</datafield>
<datafield tag="022" ind1="#" ind2="#">
<subfield code="$a">0104-7795</subfield>
</datafield>
<datafield tag="042" ind1=" " ind2=" ">
<subfield code="a">dc</subfield>
</datafield>
<datafield tag="245" ind1="0" ind2="0">
<subfield code="a">Dor miofascial em pacientes com osteoartrose do quadril</subfield>
</datafield>  <datafield tag="720" ind1="1" ind2=" ">
<subfield code="a">Riberto, Marcelo</subfield>
<subfield code="u">Universidade de São Paulo. Faculdade de Medicina</subfield></datafield>
<datafield tag="720" ind1="1" ind2=" ">
<subfield code="a">Imamura, Marta</subfield>
<subfield code="u">Universidade de São Paulo. Faculdade de Medicina</subfield></datafield>
<datafield tag="720" ind1="1" ind2=" ">
<subfield code="a">Kaziyama, Helena Hideko Seguchi</subfield>
<subfield code="u">Universidade de São Paulo. Faculdade de Medicina</subfield></datafield>
<datafield tag="720" ind1="1" ind2=" ">
<subfield code="a">Imamura, Satiko Tomikawa</subfield>
<subfield code="u">Universidade de São Paulo. Faculdade de Medicina</subfield></datafield>
<datafield tag="520" ind1=" " ind2=" ">
<subfield code="a"> A osteoartrose (OA) do quadril é uma doença de alta prevalência, especialmente nas faixas etárias mais avançadas. Seu tratamento por meio da artroplastia tem resultados muito satisfatórios não apenas no que concerne a dor mas também em termos de melhora funcional. Contudo, diante da presença também elevada de outras afecções que complicam o procedimento anestésico e o acompanhamento pós-operatório, o uso de alternativas terapêuticas menos invasivas é recomendável, sendo, por vezes, a única forma restante de tratamento, mesmo que apenas paliativo. A investigação de outras causas de dor e incapacidade nestes pacientes é uma obrigação do médico preocupado com o bemestar destes pacientes. Neste artigo faremos uma breve revisão de aspectos clínicos da osteoartrose do quadril e proporemos uma nova abordagem, tendo em vista a pesquisa de pontos dolorosos relacionados à síndrome dolorosa miofascial. </subfield>
</datafield>
<datafield tag="260" ind1=" " ind2=" ">
<subfield code="b">Faculdade de Medicina, Universidade de São Paulo</subfield>
</datafield>
<dataField tag="260" ind1=" " ind2=" ">
<subfield code="c">1997-08-21 00:00:00</subfield>
</dataField>   <datafield tag="856" ind1=" " ind2=" ">
<subfield code="q">application/pdf</subfield>
</datafield>
<datafield tag="856" ind1="4" ind2="0">
<subfield code="u">https://www.revistas.usp.br/actafisiatrica/article/view/102077</subfield>
</datafield>  <datafield tag="786" ind1="0" ind2=" ">
<subfield code="n">Acta Fisiátrica; v. 4 n. 2 (1997)</subfield>
</datafield>  <datafield tag="546" ind1=" " ind2=" ">
<subfield code="a">por</subfield>
</datafield>   <datafield tag="540" ind1=" " ind2=" ">
<subfield code="a">Copyright (c) 1997 Acta Fisiátrica</subfield>
</datafield>
</record>
</metadata>
</record>