
<record>
<header>
<identifier>oai:revistas.usp.br:article/102079</identifier>
<datestamp>2020-07-31T22:33:08Z</datestamp>
<setSpec>actafisiatrica:Comun.+Breve</setSpec>
<setSpec>driver</setSpec>
</header>
<metadata>
<record xmlns="http://www.loc.gov/MARC21/slim" xmlns:xsi="http://www.w3.org/2001/XMLSchema-instance" xsi:schemaLocation="http://www.loc.gov/MARC21/slim http://www.loc.gov/standards/marcxml/schema/MARC21slim.xsd">
<leader>     nmb a2200000Iu 4500</leader>
<controlfield tag="008">"970821 1997                        eng  "</controlfield>
<datafield tag="022" ind1="#" ind2="#">
<subfield code="$a">2317-0190</subfield>
</datafield>
<datafield tag="022" ind1="#" ind2="#">
<subfield code="$a">0104-7795</subfield>
</datafield>
<datafield tag="042" ind1=" " ind2=" ">
<subfield code="a">dc</subfield>
</datafield>
<datafield tag="245" ind1="0" ind2="0">
<subfield code="a">Os limites do rendimento físico &quot;considerações fio-metabólicas&quot;</subfield>
</datafield>  <datafield tag="720" ind1="1" ind2=" ">
<subfield code="a">Silva, Paulo Roberto Santos</subfield>
<subfield code="u">Associação Portuguesa de Desportos</subfield></datafield>
<datafield tag="720" ind1="1" ind2=" ">
<subfield code="a">Visconti, Ana Maria</subfield>
<subfield code="u">Associação Portuguesa de Desportos</subfield></datafield>
<datafield tag="720" ind1="1" ind2=" ">
<subfield code="a">Roldan, Andrea</subfield>
<subfield code="u">Associação Portuguesa de Desportos</subfield></datafield>
<datafield tag="720" ind1="1" ind2=" ">
<subfield code="a">Seman, Antonio Palma</subfield>
<subfield code="u">Associação Portuguesa de Desportos</subfield></datafield>
<datafield tag="720" ind1="1" ind2=" ">
<subfield code="a">Teixeira, Alberto Alves Azevedo</subfield>
<subfield code="u">Associação Portuguesa de Desportos</subfield></datafield>
<datafield tag="720" ind1="1" ind2=" ">
<subfield code="a">Lolla, Júlio Cesar Costa Rosa</subfield>
<subfield code="u">Associação Portuguesa de Desportos</subfield></datafield>
<datafield tag="720" ind1="1" ind2=" ">
<subfield code="a">Lépera, Cláudio</subfield>
<subfield code="u">Associação Portuguesa de Desportos</subfield></datafield>
<datafield tag="720" ind1="1" ind2=" ">
<subfield code="a">Miele, Fernando</subfield>
<subfield code="u">Associação Portuguesa de Desportos</subfield></datafield>
<datafield tag="720" ind1="1" ind2=" ">
<subfield code="a">Pardini, Fernanda Orsi</subfield>
<subfield code="u">Associação Portuguesa de Desportos</subfield></datafield>
<datafield tag="720" ind1="1" ind2=" ">
<subfield code="a">Firmino, Mauro Theodoro</subfield>
<subfield code="u">Associação Portuguesa de Desportos</subfield></datafield>
<datafield tag="720" ind1="1" ind2=" ">
<subfield code="a">Basílio, Solange Souza</subfield>
<subfield code="u">Associação Portuguesa de Desportos</subfield></datafield>
<datafield tag="720" ind1="1" ind2=" ">
<subfield code="a">Rosa, Albertina Fontana</subfield>
<subfield code="u">Associação Portuguesa de Desportos</subfield></datafield>
<datafield tag="720" ind1="1" ind2=" ">
<subfield code="a">Roxo, Carla Dal Maso Nunes</subfield>
<subfield code="u">Associação Portuguesa de Desportos</subfield></datafield>
<datafield tag="720" ind1="1" ind2=" ">
<subfield code="a">Machado, Gilberto Silva</subfield>
<subfield code="u">Associação Portuguesa de Desportos</subfield></datafield>
<datafield tag="720" ind1="1" ind2=" ">
<subfield code="a">Cordeiro, José Roberto</subfield>
<subfield code="u">Associação Portuguesa de Desportos</subfield></datafield>
<datafield tag="520" ind1=" " ind2=" ">
<subfield code="a"> As ciências agregadas ao esportes e suas pesquisas, trouxeram grande avanço para o desenvolvimento e melhor compreenção sobre os mecanismos que interferem no redimento físico. Portanto, nas últimas décadas, o treinamento ganhou conteúdo científic, o que possibilitou potencializar nos indivíduos qualidades e corrigir suas deficiências. O entusiasmo do passado foi superado pelo método do presente e a individualização foi o ponto chave desta evolução. Dentro da fisiologia do exercício, uma das áreas que tem mais recebido atenção é a relacionada com o metabolismo energético. Isso ocorre, por que é, principalmente a partir dessas informações que se pode realizar a avaliação, prescrição do exercício, controle de treinamento físico, a predição da performace em diferentes tipos de exercícios e a identificação de possíveis mecanismos relacionados a fadiga. Sendo assim, o principal objetivo desse artigo, foi fazer uma abordagem do ponto de vista bioquímico sobre a interação entre os metabolismo aeróbio e anaeróbio relacionado ao treinamento. </subfield>
</datafield>
<datafield tag="260" ind1=" " ind2=" ">
<subfield code="b">Faculdade de Medicina, Universidade de São Paulo</subfield>
</datafield>
<dataField tag="260" ind1=" " ind2=" ">
<subfield code="c">1997-08-21 00:00:00</subfield>
</dataField>   <datafield tag="856" ind1=" " ind2=" ">
<subfield code="q">application/pdf</subfield>
</datafield>
<datafield tag="856" ind1="4" ind2="0">
<subfield code="u">https://www.revistas.usp.br/actafisiatrica/article/view/102079</subfield>
</datafield>  <datafield tag="786" ind1="0" ind2=" ">
<subfield code="n">Acta Fisiátrica; v. 4 n. 2 (1997)</subfield>
</datafield>  <datafield tag="546" ind1=" " ind2=" ">
<subfield code="a">por</subfield>
</datafield>   <datafield tag="540" ind1=" " ind2=" ">
<subfield code="a">Copyright (c) 1997 Acta Fisiátrica</subfield>
</datafield>
</record>
</metadata>
</record>