
<record>
<header>
<identifier>oai:revistas.usp.br:article/102137</identifier>
<datestamp>2020-07-31T22:38:19Z</datestamp>
<setSpec>actafisiatrica:Art.+Orig.</setSpec>
<setSpec>driver</setSpec>
</header>
<metadata>
<record xmlns="http://www.loc.gov/MARC21/slim" xmlns:xsi="http://www.w3.org/2001/XMLSchema-instance" xsi:schemaLocation="http://www.loc.gov/MARC21/slim http://www.loc.gov/standards/marcxml/schema/MARC21slim.xsd">
<leader>     nmb a2200000Iu 4500</leader>
<controlfield tag="008">"971223 1997                        eng  "</controlfield>
<datafield tag="022" ind1="#" ind2="#">
<subfield code="$a">2317-0190</subfield>
</datafield>
<datafield tag="022" ind1="#" ind2="#">
<subfield code="$a">0104-7795</subfield>
</datafield>
<datafield tag="042" ind1=" " ind2=" ">
<subfield code="a">dc</subfield>
</datafield>
<datafield tag="245" ind1="0" ind2="0">
<subfield code="a">Avaliação isocinética. Análise do desempenho muscular de flexores e extensores de joelho em jovens desportistas praticantes de voleibol</subfield>
</datafield>  <datafield tag="720" ind1="1" ind2=" ">
<subfield code="a">Lúcio, Abel Oliveira</subfield>
<subfield code="u">Universidade de São Paulo. Faculdade de Medicina</subfield></datafield>
<datafield tag="720" ind1="1" ind2=" ">
<subfield code="a">Shinzato, Gilson Tanaka</subfield>
<subfield code="u">Universidade de São Paulo. Faculdade de Medicina</subfield></datafield>
<datafield tag="720" ind1="1" ind2=" ">
<subfield code="a">Battistella, Linamara Rizzo</subfield>
<subfield code="u">Universidade de São Paulo. Faculdade de Medicina</subfield><subfield code="0">https://orcid.org/0000-0003-0355-9697</subfield></datafield>
<datafield tag="720" ind1="1" ind2=" ">
<subfield code="a">Basyches, Marcio</subfield>
<subfield code="u">Universidade de São Paulo. Faculdade de Medicina</subfield></datafield>
<datafield tag="520" ind1=" " ind2=" ">
<subfield code="a"> O propósito deste estudo foi descrever dados obtidos na medição da força de grupos musculares extensores e flexores de joelhos em jovens desportistas praticantes de voleibol. Quarenta e cinco jovens praticantes de voleibol - vinte e três (12 do sexo masculino e 11 do sexo feminino) classificados como ativos (A) e vinte e dois (10 do sexo masculino e 12 do sexo feminino) classificados como amadores (B) foram avaliados quanto a flexão e extensão de joelho em um dinamômetro isocinético modelo Cybex 6000, na velocidade de 60 graus por segundo. Os parâmetros de Peak Torque (PT), Peak Torque por peso corporal (PTP), Trabalho Total realizado (TI), e Trabalho Total realizado por peso corporal (TIP) foram analisados. Os resultados mostraram diferença significante em favor dos músculos de membros dominantes em relação aos não-dominantes responsáveis pela flexão de joelhos no grupo (A) masculino em todos os parâmetros, diferença significante no desempenho dos extensores de membros não dominantes do grupo (A) masculino em relação ao (B), e desempenho significantemente superior do grupo (B) feminino em relação ao das jovens do grupo (A) quanto aos flexores no parâmetro (TIP). Dados deste estudo mostraram ainda um desempenho significantemente superior dos jovens do sexo masculino comparativamente ao das jovens do sexo feminino nos parâmetros (PT) e (TI) , mesmo quando corrigidos pelo peso corporal, nos dois grupos estudados. </subfield>
</datafield>
<datafield tag="260" ind1=" " ind2=" ">
<subfield code="b">Faculdade de Medicina, Universidade de São Paulo</subfield>
</datafield>
<dataField tag="260" ind1=" " ind2=" ">
<subfield code="c">1997-12-23 00:00:00</subfield>
</dataField>   <datafield tag="856" ind1=" " ind2=" ">
<subfield code="q">application/pdf</subfield>
</datafield>
<datafield tag="856" ind1="4" ind2="0">
<subfield code="u">https://www.revistas.usp.br/actafisiatrica/article/view/102137</subfield>
</datafield>  <datafield tag="786" ind1="0" ind2=" ">
<subfield code="n">Acta Fisiátrica; v. 4 n. 3 (1997)</subfield>
</datafield>  <datafield tag="546" ind1=" " ind2=" ">
<subfield code="a">por</subfield>
</datafield>   <datafield tag="540" ind1=" " ind2=" ">
<subfield code="a">Copyright (c) 1997 Acta Fisiátrica</subfield>
</datafield>
</record>
</metadata>
</record>