
<record>
<header>
<identifier>oai:revistas.usp.br:article/102139</identifier>
<datestamp>2020-07-31T22:38:22Z</datestamp>
<setSpec>actafisiatrica:Art.+Orig.</setSpec>
<setSpec>driver</setSpec>
</header>
<metadata>
<record xmlns="http://www.loc.gov/MARC21/slim" xmlns:xsi="http://www.w3.org/2001/XMLSchema-instance" xsi:schemaLocation="http://www.loc.gov/MARC21/slim http://www.loc.gov/standards/marcxml/schema/MARC21slim.xsd">
<leader>     nmb a2200000Iu 4500</leader>
<controlfield tag="008">"971223 1997                        eng  "</controlfield>
<datafield tag="022" ind1="#" ind2="#">
<subfield code="$a">2317-0190</subfield>
</datafield>
<datafield tag="022" ind1="#" ind2="#">
<subfield code="$a">0104-7795</subfield>
</datafield>
<datafield tag="042" ind1=" " ind2=" ">
<subfield code="a">dc</subfield>
</datafield>
<datafield tag="245" ind1="0" ind2="0">
<subfield code="a">Estudo ergométrico comparativo entre indivíduos portadores de fibromialgia primária e indivíduos normais sedentários</subfield>
</datafield>  <datafield tag="720" ind1="1" ind2=" ">
<subfield code="a">Sabbag, Lívia Maria dos Santos</subfield>
<subfield code="u">Universidade de São Paulo. Faculdade de Medicina</subfield></datafield>
<datafield tag="720" ind1="1" ind2=" ">
<subfield code="a">Dourado, Maristela Palácios</subfield>
<subfield code="u">Universidade de São Paulo. Faculdade de Medicina</subfield></datafield>
<datafield tag="720" ind1="1" ind2=" ">
<subfield code="a">Yazbek Junior, Paulo</subfield>
<subfield code="u">Universidade de São Paulo. Faculdade de Medicina</subfield></datafield>
<datafield tag="720" ind1="1" ind2=" ">
<subfield code="a">Costa, Cilene Abreu Cardoso</subfield>
<subfield code="u">Universidade de São Paulo. Faculdade de Medicina</subfield></datafield>
<datafield tag="720" ind1="1" ind2=" ">
<subfield code="a">Shinzato, Gilson Tanaka</subfield>
<subfield code="u">Universidade de São Paulo. Faculdade de Medicina</subfield></datafield>
<datafield tag="720" ind1="1" ind2=" ">
<subfield code="a">Miyazaki, Margarida Harurni</subfield>
<subfield code="u">Universidade de São Paulo. Faculdade de Medicina</subfield></datafield>
<datafield tag="720" ind1="1" ind2=" ">
<subfield code="a">Kaziyama, Helena</subfield>
<subfield code="u">Universidade de São Paulo. Faculdade de Medicina</subfield></datafield>
<datafield tag="720" ind1="1" ind2=" ">
<subfield code="a">Battistella, Linamara Rizzo</subfield>
<subfield code="u">Universidade de São Paulo. Faculdade de Medicina</subfield><subfield code="0">https://orcid.org/0000-0003-0355-9697</subfield></datafield>
<datafield tag="520" ind1=" " ind2=" ">
<subfield code="a"> A fibromialgia (FM) é uma síndrome dolorosa crônica caracterizada por dor músculo- esquelética generalizada 1,2.3,4,5 podendo resultar em imobilidade e inatividade física 6. O presente estudo tem por objetivo comparar a resposta de pacientes sedentárias com fibromialgia primária e indivíduos sem patologias frente aos parâmetros do teste ergométrico (TE). Submeteram-se a TE em esteira rolante, protocolo de Ellestad, dois grupos de pacientes sedentárias do sexo feminino: Grupo A (n = 12, média de idade 53,2 anos, portadoras de fibromialgia primária), Grupo B (n = 20, média de idade 51,6 anos, sem patologias). Os critérios de interrupção de TE foram: freqüência cardíaca máxima atingida, cansaço físico, dor e tontura. Não houve referência de precordialgia; não foram observadas alterações isquêmicas ou arritrnias durante o exame. O tratamento estatístico foi teste t de Student. Os resultados comparativos entre os grupos A e B mostraram que quanto à carga máxima comum e freqüência cardíaca final do teste não houve diferença significante entre ambos os grupos. O grupo A realizou menor tempo de exercício (2,1 %) e portanto, menor trabalho total (21,2%), reserva cronotrópica (11,2%), capacidade funcional (15,6%) e OPAS (15,8%). Concluímos que ambos os grupos avaliados sob o aspecto de resposta cardiovascular e eletrocardiográfica ao esforço não mostraram evidências de isquemia ou deficiência da função ventricular esquerda. As pacientes do grupo A apresentaram capacidade funcional significantemente inferior as do grupo B. Os resultados sugerem que as limitações observadas são decorrentes do sistema músculo-esquelético. </subfield>
</datafield>
<datafield tag="260" ind1=" " ind2=" ">
<subfield code="b">Faculdade de Medicina, Universidade de São Paulo</subfield>
</datafield>
<dataField tag="260" ind1=" " ind2=" ">
<subfield code="c">1997-12-23 00:00:00</subfield>
</dataField>   <datafield tag="856" ind1=" " ind2=" ">
<subfield code="q">application/pdf</subfield>
</datafield>
<datafield tag="856" ind1="4" ind2="0">
<subfield code="u">https://www.revistas.usp.br/actafisiatrica/article/view/102139</subfield>
</datafield>  <datafield tag="786" ind1="0" ind2=" ">
<subfield code="n">Acta Fisiátrica; v. 4 n. 3 (1997)</subfield>
</datafield>  <datafield tag="546" ind1=" " ind2=" ">
<subfield code="a">por</subfield>
</datafield>   <datafield tag="540" ind1=" " ind2=" ">
<subfield code="a">Copyright (c) 1997 Acta Fisiátrica</subfield>
</datafield>
</record>
</metadata>
</record>