
<record>
<header>
<identifier>oai:revistas.usp.br:article/102141</identifier>
<datestamp>2020-07-31T22:38:28Z</datestamp>
<setSpec>actafisiatrica:Art.+Orig.</setSpec>
<setSpec>driver</setSpec>
</header>
<metadata>
<record xmlns="http://www.loc.gov/MARC21/slim" xmlns:xsi="http://www.w3.org/2001/XMLSchema-instance" xsi:schemaLocation="http://www.loc.gov/MARC21/slim http://www.loc.gov/standards/marcxml/schema/MARC21slim.xsd">
<leader>     nmb a2200000Iu 4500</leader>
<controlfield tag="008">"971223 1997                        eng  "</controlfield>
<datafield tag="022" ind1="#" ind2="#">
<subfield code="$a">2317-0190</subfield>
</datafield>
<datafield tag="022" ind1="#" ind2="#">
<subfield code="$a">0104-7795</subfield>
</datafield>
<datafield tag="042" ind1=" " ind2=" ">
<subfield code="a">dc</subfield>
</datafield>
<datafield tag="245" ind1="0" ind2="0">
<subfield code="a">A influência do uso de prótese sobre a evolução da cardiopatia isquêmica em pacientes amputados transfemurais</subfield>
</datafield>  <datafield tag="720" ind1="1" ind2=" ">
<subfield code="a">Jucá, Sueli Satie Hamada</subfield>
</datafield>
<datafield tag="720" ind1="1" ind2=" ">
<subfield code="a">Haddad, Sandra</subfield>
</datafield>
<datafield tag="720" ind1="1" ind2=" ">
<subfield code="a">Travassos, Alice Ramos</subfield>
</datafield>
<datafield tag="720" ind1="1" ind2=" ">
<subfield code="a">Fobe, Jean Luc</subfield>
</datafield>
<datafield tag="720" ind1="1" ind2=" ">
<subfield code="a">Lima, Jorge Roberto Perrout de</subfield>
</datafield>
<datafield tag="720" ind1="1" ind2=" ">
<subfield code="a">Ferraretto, Juan</subfield>
</datafield>
<datafield tag="520" ind1=" " ind2=" ">
<subfield code="a"> O objetivo desse trabalho foi levantar, nos arquivos da AACD, informações que permitissem o estudo da evolução da cardiopatia isquêmica em pacientes engajados no programa de reabilitação pós-amputação. Para isso, os 116 pacientes estudados foram categorizados em protetizados e não-protetizados e com teste ergométrico de membros superiores (TEMS) inicial negativo TEMS inicial positivo. Dentre os 116 pacientes estudados somente 40 (26 protetizados e 14 não-protetizados) realizaram o acompanhamento cardiológico completo (TEMS inicial e reteste); os outros 76 pacientes realizaram somente o TEMS inicial. Dos 40 pacientes com acompanhamento cardiológico completo, 15 (32,5%) tinham TEMS inicial positivo para cardiopatia isquêmica e 25 (67,5%) tinham TEMS negativo, mostrando a alta incidência desta doença entre os amputados. O acompanhamento dos resultados de reteste dos 25 pacientes com TEMS inicial negativo permitiu o estudo da instalação da cardiopatia isquêmica. No grupo acompanhado (25 pacientes), 12 pacientes (48%) apresentaram resultados positivos no reteste. Entretanto a incidência de resultados positivos no reteste é diferente (p&lt;0,05), entre pacientes protetizados (35%) e não-protetizados (100%). Considerando-se as limitações do estudo, conclui-se que existe uma grande incidência de cardiopatia isquêmica em pacientes amputados e que, provavelmente, o uso da prótese pode diminuir a incidência de cardiopatia isquêmica em pacientes amputados unilaterais e bilaterais no nivel da coxa. </subfield>
</datafield>
<datafield tag="260" ind1=" " ind2=" ">
<subfield code="b">Faculdade de Medicina, Universidade de São Paulo</subfield>
</datafield>
<dataField tag="260" ind1=" " ind2=" ">
<subfield code="c">1997-12-23 00:00:00</subfield>
</dataField>   <datafield tag="856" ind1=" " ind2=" ">
<subfield code="q">application/pdf</subfield>
</datafield>
<datafield tag="856" ind1="4" ind2="0">
<subfield code="u">https://www.revistas.usp.br/actafisiatrica/article/view/102141</subfield>
</datafield>  <datafield tag="786" ind1="0" ind2=" ">
<subfield code="n">Acta Fisiátrica; v. 4 n. 3 (1997)</subfield>
</datafield>  <datafield tag="546" ind1=" " ind2=" ">
<subfield code="a">por</subfield>
</datafield>   <datafield tag="540" ind1=" " ind2=" ">
<subfield code="a">Copyright (c) 1997 Acta Fisiátrica</subfield>
</datafield>
</record>
</metadata>
</record>