
<record>
<header>
<identifier>oai:revistas.usp.br:article/102144</identifier>
<datestamp>2020-07-31T22:38:31Z</datestamp>
<setSpec>actafisiatrica:Art.+Rev.</setSpec>
<setSpec>driver</setSpec>
</header>
<metadata>
<record xmlns="http://www.loc.gov/MARC21/slim" xmlns:xsi="http://www.w3.org/2001/XMLSchema-instance" xsi:schemaLocation="http://www.loc.gov/MARC21/slim http://www.loc.gov/standards/marcxml/schema/MARC21slim.xsd">
<leader>     nmb a2200000Iu 4500</leader>
<controlfield tag="008">"971223 1997                        eng  "</controlfield>
<datafield tag="022" ind1="#" ind2="#">
<subfield code="$a">2317-0190</subfield>
</datafield>
<datafield tag="022" ind1="#" ind2="#">
<subfield code="$a">0104-7795</subfield>
</datafield>
<datafield tag="042" ind1=" " ind2=" ">
<subfield code="a">dc</subfield>
</datafield>
<datafield tag="245" ind1="0" ind2="0">
<subfield code="a">Capacidade funcional, desempenho e solicitação metabólica em futebolistas profissionais durante situação real de jogo monitorada por análise cinematográfica</subfield>
</datafield>  <datafield tag="720" ind1="1" ind2=" ">
<subfield code="a">Ananias, Glydiston Egberto Oliveira</subfield>
<subfield code="u">Associação Portuguesa de Desportos</subfield></datafield>
<datafield tag="720" ind1="1" ind2=" ">
<subfield code="a">Kokubum, Eduardo</subfield>
<subfield code="u">Universidade Estadual Paulista - UNESP</subfield></datafield>
<datafield tag="720" ind1="1" ind2=" ">
<subfield code="a">Molina, Renato</subfield>
</datafield>
<datafield tag="720" ind1="1" ind2=" ">
<subfield code="a">Silva, Paulo Roberto Santos</subfield>
<subfield code="u">Associação Portuguesa de Desportos</subfield></datafield>
<datafield tag="720" ind1="1" ind2=" ">
<subfield code="a">Cordeiro, José Roberto</subfield>
<subfield code="u">Associação Portuguesa de Desportos</subfield></datafield>
<datafield tag="520" ind1=" " ind2=" ">
<subfield code="a"> Foi objetivo deste estudo, caracterizar a relação entre o nível de aptidão física, desempenho e solicitação metabólica em futebolistas durante situação real de jogo. Seis jogadores de futebol profissional com média de idade de 20,8 ± 2,6 anos (17-25), peso 70,4 ± 7,5 kg (63-81,3) e altura 173,3 ± 9,7 cm (166-188) foram submetidos a testes de aptidão física em campo e análise cinematográfica durante a partida. Os testes de aptidão física foram realizados em campo, com medições de lactato sangüíneo. A via metabólica alática foi avaliada por meio de cinco corridas na distância de 30 m, em velocidade máxima, com pausa passiva de um minuto entre cada corrida. As concentrações de lactato foram medidas no 1°, 3° e 5° minuto após o término das cinco corridas. Para detecção do limiar anaeróbio foram realizadas 3 corridas de 1.200 m nas intensidades de 80, 85 e 90% da velocidade máxima para essa distância, com intervalo passivo de quinze minutos entre cada corrida. As dosagens de lactato sangüíneo foram feitas no 1°, 3° e 5° minuto de repouso passivo após cada corrida. Os futebolistas foram submetidos à filmagem individual durante o transcorrer do jogo, e as concentrações de lactato foram medidas antes, no intervalo e no final da partida para análise da solicitação energética e metabólica, respectivamente. Os seguintes resultados foram verificados: 1) O limiar anaeróbio em velocidade de corrida, correspondente à concentração de lactato sangüíneo de 4 mmol.L-! foi encontrado aos 268 ± 28 m.min·! ou 16,1 ± 1,6 km.h·!; 2) a velocidade média e a concentração de lactato máximo nas corridas de 30 m foram 6,9 ± 0,2 m.s·! e 4,5 ± 1,0 mmol.L&quot;!, respectivamente; 3) a distância total percorrida foi de 10.392 ± 849 m, sendo 5.446 ± 550 m para o primeiro e 4.945 ± 366 m para o segundo tempo, respectivamente; 4) os valores médios encontrados nas concentrações de lactato sangüíneo foram de 1,58 ± 0,37; 4,5 ± 0,42 e 3,46 ± 1,54 mmol. L·! antes, no intervalo do primeiro para o segundo tempo e ao final da partida, respectivamente e 5) a distância média total atingida ao final das partidas pelos jogadores de meio-de-campo (10.910 ± 121 m) foi ligeiramente maior que a percorrida pelos atacantes (10.377 ± 224 m) e defensores (9.889 ± 102 m), mas não significativa. Houve correlação negativa (r = - 0,84; P &lt; 0,05) entre o limiar anaeróbio (268 ± 28 m.min-1 ou 16,1 ± 1,6 km.h-1) e a concentração de lactato sangüíneo (4,5 ± 0,42 mmoI.L-1) no primeiro tempo do jogo. Portanto, os resultados sugerem que a capacidade aeróbia é um determinante importante para suportar a longa duração da partida e recuperar mais rapidamente os futebolistas, dos esforços realizados em alta intensidade, com o desenvolvimento de concentrações de lactato sangüíneo menores ao final do primeiro e segundo tempos das partidas. </subfield>
</datafield>
<datafield tag="260" ind1=" " ind2=" ">
<subfield code="b">Faculdade de Medicina, Universidade de São Paulo</subfield>
</datafield>
<dataField tag="260" ind1=" " ind2=" ">
<subfield code="c">1997-12-23 00:00:00</subfield>
</dataField>   <datafield tag="856" ind1=" " ind2=" ">
<subfield code="q">application/pdf</subfield>
</datafield>
<datafield tag="856" ind1="4" ind2="0">
<subfield code="u">https://www.revistas.usp.br/actafisiatrica/article/view/102144</subfield>
</datafield>  <datafield tag="786" ind1="0" ind2=" ">
<subfield code="n">Acta Fisiátrica; v. 4 n. 3 (1997)</subfield>
</datafield>  <datafield tag="546" ind1=" " ind2=" ">
<subfield code="a">por</subfield>
</datafield>   <datafield tag="540" ind1=" " ind2=" ">
<subfield code="a">Copyright (c) 1997 Acta Fisiátrica</subfield>
</datafield>
</record>
</metadata>
</record>