
<record>
<header>
<identifier>oai:revistas.usp.br:article/102151</identifier>
<datestamp>2022-10-21T14:36:15Z</datestamp>
<setSpec>actafisiatrica:Edit</setSpec>
<setSpec>driver</setSpec>
</header>
<metadata>
<record xmlns="http://www.loc.gov/MARC21/slim" xmlns:xsi="http://www.w3.org/2001/XMLSchema-instance" xsi:schemaLocation="http://www.loc.gov/MARC21/slim http://www.loc.gov/standards/marcxml/schema/MARC21slim.xsd">
<leader>     nmb a2200000Iu 4500</leader>
<controlfield tag="008">"970909 1997                        eng  "</controlfield>
<datafield tag="022" ind1="#" ind2="#">
<subfield code="$a">2317-0190</subfield>
</datafield>
<datafield tag="022" ind1="#" ind2="#">
<subfield code="$a">0104-7795</subfield>
</datafield>
<datafield tag="042" ind1=" " ind2=" ">
<subfield code="a">dc</subfield>
</datafield>
<datafield tag="245" ind1="0" ind2="0">
<subfield code="a">Osteoporose: um desafio da vida moderna</subfield>
</datafield>  <datafield tag="100" ind1="1" ind2=" ">
<subfield code="a">Battistella, Linamara Rizzo</subfield>
<subfield code="u">Universidade de São Paulo. Faculdade de Medicina</subfield><subfield code="0">https://orcid.org/0000-0003-0355-9697</subfield></datafield>
<datafield tag="520" ind1=" " ind2=" ">
<subfield code="a"> No passado, a osteoporose era entendida como uma manifestação associada ao envelhecimento e por isso mesmo pouco valorizada. Com o aumento da longevidade e uma maior expectativa de vida, a osteoporose passou a ser tratada como um problema de saúde pública. As estatísticas americanas relacionam a ocorrência de fraturas em cerca de 50% das mulheres e 20% dos homens acima de 65 anos portadores de osteoporose. </subfield>
</datafield>
<datafield tag="260" ind1=" " ind2=" ">
<subfield code="b">Faculdade de Medicina, Universidade de São Paulo</subfield>
</datafield>
<dataField tag="260" ind1=" " ind2=" ">
<subfield code="c">1997-09-09 00:00:00</subfield>
</dataField>   <datafield tag="856" ind1=" " ind2=" ">
<subfield code="q">application/pdf</subfield>
</datafield>
<datafield tag="856" ind1="4" ind2="0">
<subfield code="u">https://www.revistas.usp.br/actafisiatrica/article/view/102151</subfield>
</datafield>  <datafield tag="786" ind1="0" ind2=" ">
<subfield code="n">Acta Fisiátrica; v. 4 n. 2 Supl.1 (1997): Especial de Osteoporose</subfield>
</datafield>  <datafield tag="546" ind1=" " ind2=" ">
<subfield code="a">por</subfield>
</datafield>   <datafield tag="540" ind1=" " ind2=" ">
<subfield code="a">Copyright (c) 1997 Acta Fisiátrica</subfield>
</datafield>
</record>
</metadata>
</record>