
<record>
<header>
<identifier>oai:revistas.usp.br:article/102155</identifier>
<datestamp>2022-10-21T14:36:15Z</datestamp>
<setSpec>actafisiatrica:Art.+Orig.</setSpec>
<setSpec>driver</setSpec>
</header>
<metadata>
<record xmlns="http://www.loc.gov/MARC21/slim" xmlns:xsi="http://www.w3.org/2001/XMLSchema-instance" xsi:schemaLocation="http://www.loc.gov/MARC21/slim http://www.loc.gov/standards/marcxml/schema/MARC21slim.xsd">
<leader>     nmb a2200000Iu 4500</leader>
<controlfield tag="008">"970909 1997                        eng  "</controlfield>
<datafield tag="022" ind1="#" ind2="#">
<subfield code="$a">2317-0190</subfield>
</datafield>
<datafield tag="022" ind1="#" ind2="#">
<subfield code="$a">0104-7795</subfield>
</datafield>
<datafield tag="042" ind1=" " ind2=" ">
<subfield code="a">dc</subfield>
</datafield>
<datafield tag="245" ind1="0" ind2="0">
<subfield code="a">Avaliação laboratorial e densitométrica da osteoporose</subfield>
</datafield>  <datafield tag="720" ind1="1" ind2=" ">
<subfield code="a">Zerbini, Cristiano Augusto de Freitas</subfield>
</datafield>
<datafield tag="720" ind1="1" ind2=" ">
<subfield code="a">Pippa, Maria Guadalupe Barbosa</subfield>
</datafield>
<datafield tag="720" ind1="1" ind2=" ">
<subfield code="a">Romanelli, Paulo Roberto Stocco</subfield>
</datafield>
<datafield tag="520" ind1=" " ind2=" ">
<subfield code="a"> A prevenção da ocorrência de fraturas por osteoporose depende da identificação dos indivíduos com maior propensão a estas fraturas de tal forma que uma intervenção médica apropriada possa ser prescrita. Embora fatores de risco possam ser identificados durante a história médica, a medida de massa óssea ainda é o fator preditivo mais importante na abordagem do risco de fraturas. Estudos prospectivos têm demonstrado que o risco relativo aumenta exponencialmente com redução da massa óssea, enfatizando, assim, a utilização da massa óssea como preditor do risco futuro de fratura. </subfield>
</datafield>
<datafield tag="260" ind1=" " ind2=" ">
<subfield code="b">Faculdade de Medicina, Universidade de São Paulo</subfield>
</datafield>
<dataField tag="260" ind1=" " ind2=" ">
<subfield code="c">1997-09-09 00:00:00</subfield>
</dataField>   <datafield tag="856" ind1=" " ind2=" ">
<subfield code="q">application/pdf</subfield>
</datafield>
<datafield tag="856" ind1="4" ind2="0">
<subfield code="u">https://www.revistas.usp.br/actafisiatrica/article/view/102155</subfield>
</datafield>  <datafield tag="786" ind1="0" ind2=" ">
<subfield code="n">Acta Fisiátrica; v. 4 n. 2 Supl.1 (1997): Especial de Osteoporose</subfield>
</datafield>  <datafield tag="546" ind1=" " ind2=" ">
<subfield code="a">por</subfield>
</datafield>   <datafield tag="540" ind1=" " ind2=" ">
<subfield code="a">Copyright (c) 1997 Acta Fisiátrica</subfield>
</datafield>
</record>
</metadata>
</record>