
<record>
<header>
<identifier>oai:revistas.usp.br:article/102157</identifier>
<datestamp>2022-10-21T14:36:15Z</datestamp>
<setSpec>actafisiatrica:Art.+Orig.</setSpec>
<setSpec>driver</setSpec>
</header>
<metadata>
<record xmlns="http://www.loc.gov/MARC21/slim" xmlns:xsi="http://www.w3.org/2001/XMLSchema-instance" xsi:schemaLocation="http://www.loc.gov/MARC21/slim http://www.loc.gov/standards/marcxml/schema/MARC21slim.xsd">
<leader>     nmb a2200000Iu 4500</leader>
<controlfield tag="008">"970909 1997                        eng  "</controlfield>
<datafield tag="022" ind1="#" ind2="#">
<subfield code="$a">2317-0190</subfield>
</datafield>
<datafield tag="022" ind1="#" ind2="#">
<subfield code="$a">0104-7795</subfield>
</datafield>
<datafield tag="042" ind1=" " ind2=" ">
<subfield code="a">dc</subfield>
</datafield>
<datafield tag="245" ind1="0" ind2="0">
<subfield code="a">Osteoporose (OP) - prevenção e tratamento, uma visão atual</subfield>
</datafield>  <datafield tag="720" ind1="1" ind2=" ">
<subfield code="a">Mazie, Roberto Carlos</subfield>
<subfield code="u">Hospital do Servidor Público Estadual de São Paulo</subfield></datafield>
<datafield tag="720" ind1="1" ind2=" ">
<subfield code="a">Chahade, Wiliam Habib</subfield>
<subfield code="u">Hospital do Servidor Público Estadual de São Paulo</subfield></datafield>
<datafield tag="520" ind1=" " ind2=" ">
<subfield code="a"> A osteoporose e suas conseqüências têm despertado, por ser considerada um problema moderno de saúde pública, a atenção dos governos, especialmente dos países desenvolvidos e, mais recentemente, daqueles considerados em desenvolvimento ou semi-industrializados. Com o apoio da mídia nacional e internacional, a divulgação dos conhecimentos e informações nessa área da patologia médica tem propiciado a milhoes de seres humanos em todo o mundo, refletir sobre as nefastas conseqüências dessa síndrome que hoje sabemos, começa a ser desenvolvida na infância e na puberdade, quando o patrimônio ósseo está sendo estabelecido, por meio da indução genética. </subfield>
</datafield>
<datafield tag="260" ind1=" " ind2=" ">
<subfield code="b">Faculdade de Medicina, Universidade de São Paulo</subfield>
</datafield>
<dataField tag="260" ind1=" " ind2=" ">
<subfield code="c">1997-09-09 00:00:00</subfield>
</dataField>   <datafield tag="856" ind1=" " ind2=" ">
<subfield code="q">application/pdf</subfield>
</datafield>
<datafield tag="856" ind1="4" ind2="0">
<subfield code="u">https://www.revistas.usp.br/actafisiatrica/article/view/102157</subfield>
</datafield>  <datafield tag="786" ind1="0" ind2=" ">
<subfield code="n">Acta Fisiátrica; v. 4 n. 2 Supl.1 (1997): Especial de Osteoporose</subfield>
</datafield>  <datafield tag="546" ind1=" " ind2=" ">
<subfield code="a">por</subfield>
</datafield>   <datafield tag="540" ind1=" " ind2=" ">
<subfield code="a">Copyright (c) 1997 Acta Fisiátrica</subfield>
</datafield>
</record>
</metadata>
</record>