
<record>
<header>
<identifier>oai:revistas.usp.br:article/102163</identifier>
<datestamp>2022-10-21T14:36:15Z</datestamp>
<setSpec>actafisiatrica:Art.+Rev.+Atual.</setSpec>
<setSpec>driver</setSpec>
</header>
<metadata>
<record xmlns="http://www.loc.gov/MARC21/slim" xmlns:xsi="http://www.w3.org/2001/XMLSchema-instance" xsi:schemaLocation="http://www.loc.gov/MARC21/slim http://www.loc.gov/standards/marcxml/schema/MARC21slim.xsd">
<leader>     nmb a2200000Iu 4500</leader>
<controlfield tag="008">"970909 1997                        eng  "</controlfield>
<datafield tag="022" ind1="#" ind2="#">
<subfield code="$a">2317-0190</subfield>
</datafield>
<datafield tag="022" ind1="#" ind2="#">
<subfield code="$a">0104-7795</subfield>
</datafield>
<datafield tag="042" ind1=" " ind2=" ">
<subfield code="a">dc</subfield>
</datafield>
<datafield tag="245" ind1="0" ind2="0">
<subfield code="a">Roteiro de exercícios para pacientes com osteoporose</subfield>
</datafield>  <datafield tag="720" ind1="1" ind2=" ">
<subfield code="a">Habu, Neuza Sayuri</subfield>
<subfield code="u">Universidade de São Paulo. Faculdade de Medicina</subfield></datafield>
<datafield tag="720" ind1="1" ind2=" ">
<subfield code="a">Battistella, Linamara Rizzo</subfield>
<subfield code="u">Universidade de São Paulo. Faculdade de Medicina</subfield><subfield code="0">https://orcid.org/0000-0003-0355-9697</subfield></datafield>
<datafield tag="520" ind1=" " ind2=" ">
<subfield code="a"> O paciente com osteoporose deve passar por uma consulta médica para avaliação das condições sistêmicas gerais e do grau de osteoporose antes de iniciar qualquer programa de exercício; só assim uma programação adequada pode ser instituída. O programa de exercício deve ser individualizado para cada paciente de acordo com a perda de massa óssea, a capacidade individual e a existência de outras patologias associadas. Um programa regular de atividade física para mulheres após a menopausa pode reduzir a taxa da perda de massa óssea. Elas devem ser instruídas a fazerem caminhada e subirem escada, numa posição ereta, com os músculos peitorais alongados e respiração profunda, usando calçado adequado que absorva impacto em terreno nãoacidentado, de preferência ao sol, antes das 10 hs da manhã ou após às 4hs da tarde, em média 20 minutos; pedalar também é aceitável, mas com uma postura adequada. Pacientes com osteoporose vertebral podem ter benefícios com a prática da natação, porém andar ainda é preferível. O exercício visa manter a saúde do sistema músculo-esquelético e cardiovascular, do SNC e a redução do quadro álgico. </subfield>
</datafield>
<datafield tag="260" ind1=" " ind2=" ">
<subfield code="b">Faculdade de Medicina, Universidade de São Paulo</subfield>
</datafield>
<dataField tag="260" ind1=" " ind2=" ">
<subfield code="c">1997-09-09 00:00:00</subfield>
</dataField>   <datafield tag="856" ind1=" " ind2=" ">
<subfield code="q">application/pdf</subfield>
</datafield>
<datafield tag="856" ind1="4" ind2="0">
<subfield code="u">https://www.revistas.usp.br/actafisiatrica/article/view/102163</subfield>
</datafield>  <datafield tag="786" ind1="0" ind2=" ">
<subfield code="n">Acta Fisiátrica; v. 4 n. 2 Supl.1 (1997): Especial de Osteoporose</subfield>
</datafield>  <datafield tag="546" ind1=" " ind2=" ">
<subfield code="a">por</subfield>
</datafield>   <datafield tag="540" ind1=" " ind2=" ">
<subfield code="a">Copyright (c) 1997 Acta Fisiátrica</subfield>
</datafield>
</record>
</metadata>
</record>