
<record>
<header>
<identifier>oai:revistas.usp.br:article/102170</identifier>
<datestamp>2020-07-31T22:41:08Z</datestamp>
<setSpec>actafisiatrica:Art.+Rev.</setSpec>
<setSpec>driver</setSpec>
</header>
<metadata>
<record xmlns="http://www.loc.gov/MARC21/slim" xmlns:xsi="http://www.w3.org/2001/XMLSchema-instance" xsi:schemaLocation="http://www.loc.gov/MARC21/slim http://www.loc.gov/standards/marcxml/schema/MARC21slim.xsd">
<leader>     nmb a2200000Iu 4500</leader>
<controlfield tag="008">"980409 1998                        eng  "</controlfield>
<datafield tag="022" ind1="#" ind2="#">
<subfield code="$a">2317-0190</subfield>
</datafield>
<datafield tag="022" ind1="#" ind2="#">
<subfield code="$a">0104-7795</subfield>
</datafield>
<datafield tag="042" ind1=" " ind2=" ">
<subfield code="a">dc</subfield>
</datafield>
<datafield tag="245" ind1="0" ind2="0">
<subfield code="a">O músculo trapézio e o desequilíbrio funcional craniomandibular</subfield>
</datafield>  <datafield tag="720" ind1="1" ind2=" ">
<subfield code="a">Vasconcellos, Henrique Ayres de</subfield>
<subfield code="u">Universidade Estadual do Rio de Janeiro - UERJ</subfield></datafield>
<datafield tag="720" ind1="1" ind2=" ">
<subfield code="a">Szendrodi, Débora Cristina Csura</subfield>
<subfield code="u">Universidade Estadual do Rio de Janeiro - UERJ</subfield></datafield>
<datafield tag="520" ind1=" " ind2=" ">
<subfield code="a"> Neste estudo fizemos uma descrição evolutiva do músculo trapézio (MT), sua morfologia, origem e inserção e uma análise de sua inervação. O objetivo deste trabalho é estabelecer uma relação anátomo-funcional entre o mt e as disfunções da atm e de outras estruturas da cabeça e do pescoço. </subfield>
</datafield>
<datafield tag="260" ind1=" " ind2=" ">
<subfield code="b">Faculdade de Medicina, Universidade de São Paulo</subfield>
</datafield>
<dataField tag="260" ind1=" " ind2=" ">
<subfield code="c">1998-04-09 00:00:00</subfield>
</dataField>   <datafield tag="856" ind1=" " ind2=" ">
<subfield code="q">application/pdf</subfield>
</datafield>
<datafield tag="856" ind1="4" ind2="0">
<subfield code="u">https://www.revistas.usp.br/actafisiatrica/article/view/102170</subfield>
</datafield>  <datafield tag="786" ind1="0" ind2=" ">
<subfield code="n">Acta Fisiátrica; v. 5 n. 1 (1998)</subfield>
</datafield>  <datafield tag="546" ind1=" " ind2=" ">
<subfield code="a">por</subfield>
</datafield>   <datafield tag="540" ind1=" " ind2=" ">
<subfield code="a">Copyright (c) 1998 Acta Fisiátrica</subfield>
</datafield>
</record>
</metadata>
</record>