
<record>
<header>
<identifier>oai:revistas.usp.br:article/102172</identifier>
<datestamp>2020-07-31T22:40:53Z</datestamp>
<setSpec>actafisiatrica:Art.+Orig.</setSpec>
<setSpec>driver</setSpec>
</header>
<metadata>
<record xmlns="http://www.loc.gov/MARC21/slim" xmlns:xsi="http://www.w3.org/2001/XMLSchema-instance" xsi:schemaLocation="http://www.loc.gov/MARC21/slim http://www.loc.gov/standards/marcxml/schema/MARC21slim.xsd">
<leader>     nmb a2200000Iu 4500</leader>
<controlfield tag="008">"980409 1998                        eng  "</controlfield>
<datafield tag="022" ind1="#" ind2="#">
<subfield code="$a">2317-0190</subfield>
</datafield>
<datafield tag="022" ind1="#" ind2="#">
<subfield code="$a">0104-7795</subfield>
</datafield>
<datafield tag="042" ind1=" " ind2=" ">
<subfield code="a">dc</subfield>
</datafield>
<datafield tag="245" ind1="0" ind2="0">
<subfield code="a">Características fisiológicas, músculo-esqueléticas, antropométricas e oftalmológicas em jogadoras de futebol feminino consideradas de elite</subfield>
</datafield>  <datafield tag="720" ind1="1" ind2=" ">
<subfield code="a">Silva, Paulo Roberto Santos</subfield>
<subfield code="u">Associação Portuguesa de Desportos</subfield></datafield>
<datafield tag="720" ind1="1" ind2=" ">
<subfield code="a">Romano, Angela</subfield>
<subfield code="u">Associação Portuguesa de Desportos</subfield></datafield>
<datafield tag="720" ind1="1" ind2=" ">
<subfield code="a">Roxo, Carla Dal Maso Nunes</subfield>
<subfield code="u">Associação Portuguesa de Desportos</subfield></datafield>
<datafield tag="720" ind1="1" ind2=" ">
<subfield code="a">Machado, Gilberto da Silva</subfield>
<subfield code="u">Associação Portuguesa de Desportos</subfield></datafield>
<datafield tag="720" ind1="1" ind2=" ">
<subfield code="a">Lolla, Júlio Cesar Costa Rosa</subfield>
<subfield code="u">Associação Portuguesa de Desportos</subfield></datafield>
<datafield tag="720" ind1="1" ind2=" ">
<subfield code="a">Lepéra, Cláudio</subfield>
<subfield code="u">Associação Portuguesa de Desportos</subfield></datafield>
<datafield tag="720" ind1="1" ind2=" ">
<subfield code="a">Ponte, Fernando Miele da</subfield>
<subfield code="u">Associação Portuguesa de Desportos</subfield></datafield>
<datafield tag="720" ind1="1" ind2=" ">
<subfield code="a">Silva, Adilson Andrade da</subfield>
<subfield code="u">Associação Portuguesa de Desportos</subfield></datafield>
<datafield tag="720" ind1="1" ind2=" ">
<subfield code="a">Riça, Wilson Oliveira</subfield>
<subfield code="u">Associação Portuguesa de Desportos</subfield></datafield>
<datafield tag="720" ind1="1" ind2=" ">
<subfield code="a">Rosa, Albertina Fontana</subfield>
<subfield code="u">Associação Portuguesa de Desportos</subfield></datafield>
<datafield tag="720" ind1="1" ind2=" ">
<subfield code="a">Costa, Solange Basílio da</subfield>
<subfield code="u">Associação Portuguesa de Desportos</subfield></datafield>
<datafield tag="720" ind1="1" ind2=" ">
<subfield code="a">Tavares, Emídio Valenti</subfield>
<subfield code="u">Associação Portuguesa de Desportos</subfield></datafield>
<datafield tag="720" ind1="1" ind2=" ">
<subfield code="a">Teixeira, Alberto Alves de Azevedo</subfield>
<subfield code="u">Associação Portuguesa de Desportos</subfield></datafield>
<datafield tag="720" ind1="1" ind2=" ">
<subfield code="a">Visconti, Ana Maria</subfield>
<subfield code="u">Associação Portuguesa de Desportos</subfield></datafield>
<datafield tag="720" ind1="1" ind2=" ">
<subfield code="a">Seman, Antonio Palma</subfield>
<subfield code="u">Associação Portuguesa de Desportos</subfield></datafield>
<datafield tag="720" ind1="1" ind2=" ">
<subfield code="a">Firmino, Mauro Theodoro</subfield>
<subfield code="u">Associação Portuguesa de Desportos</subfield></datafield>
<datafield tag="720" ind1="1" ind2=" ">
<subfield code="a">Costa, Reynaldo Rodrigues da</subfield>
<subfield code="u">Associação Portuguesa de Desportos</subfield></datafield>
<datafield tag="720" ind1="1" ind2=" ">
<subfield code="a">Cordeiro, José Roberto Cordeiro</subfield>
<subfield code="u">Associação Portuguesa de Desportos</subfield></datafield>
<datafield tag="520" ind1=" " ind2=" ">
<subfield code="a"> O futebol feminino tem crescido acentuadamente em nosso país. Quinze jogadoras de futebol com média de idade de 22,3 ± 6,2 anos; peso 58,2 ± 8,3 kg e estatura 162,5 ± 6,1 cm foram submetidas à avaliação de vários parâmetros considerados importantes para o rendimento atlético das futebolistas. Além disso, comparamos alguns índices funcionais encontrados na literatura com os de jogadoras de outros países com mais experiência na prática desta modalidade. Os seguintes parâmetros e resultados foram: Cardiorrespiratório e metabólico em repouso e no exercício: FC = 87 ± 8 bpm; PAS = 100,6 ± 4,5 mmHg; PAD = 62,6 ± 4,5 mmHg; FCmax. = 194 ± 7 bpm; Borg = 19,5 ± 0,8; Veloc. max. = 13,4 ± 0,9 km.h·l; LVI = 8,5 km.h·l; LV2 = 11,2 km.h·l; Vemax.= 93,9 ± 16,5 L.min·l; VO~ico = 47,3 ± 4,5 mI02.kgl.min·l; ~ força isocinética de MMII direito a 60° 5.1 na extensão = 198,5 ± 44,1 Nm; na flexão 133,3 ± 30,5 Nm; MMII esquerdo a 60° 5.1 na extensão = 203,6 ± 38,1 Nm; na Flexão 116,5 ± 18,8 Nm; Wingate: potência de pico corrigida pelo peso = 9,5 ± 0,9 W.kgl; potência média = 7,5 ± 0,5 W.kg·l; índice de fadiga = 56,7 ± 7,3%; % de Gordura = 17,4 ± 2,3%; Avaliação oftalmológica: Acuidade visual para longe dos olhos direito e esquerdo foi de 97,5 ± 5,8%, respectivamente; Pressão intraocular dos olhos direito e esquerdo = 13,7 ± 2,7 e 13,1 ± 2,4 mmHg, respectivamente. Os resultados das variáveis que foram possíveis comparar com as das futebolistas internacionais mostraram que nossas atletas estavam com os índices equivalentes e, em alguns casos, até superiores. Entretanto, pela escassez de informações, ainda não há condições de estabelecer a quantificação dos índices mais adequados para a prática desta modalidade esportiva pelas mulheres. É necessário a realização de um volume maior de estudos, enfocando vários aspectos do futebol feminino. </subfield>
</datafield>
<datafield tag="260" ind1=" " ind2=" ">
<subfield code="b">Faculdade de Medicina, Universidade de São Paulo</subfield>
</datafield>
<dataField tag="260" ind1=" " ind2=" ">
<subfield code="c">1998-04-09 00:00:00</subfield>
</dataField>   <datafield tag="856" ind1=" " ind2=" ">
<subfield code="q">application/pdf</subfield>
</datafield>
<datafield tag="856" ind1="4" ind2="0">
<subfield code="u">https://www.revistas.usp.br/actafisiatrica/article/view/102172</subfield>
</datafield>  <datafield tag="786" ind1="0" ind2=" ">
<subfield code="n">Acta Fisiátrica; v. 5 n. 1 (1998)</subfield>
</datafield>  <datafield tag="546" ind1=" " ind2=" ">
<subfield code="a">por</subfield>
</datafield>   <datafield tag="540" ind1=" " ind2=" ">
<subfield code="a">Copyright (c) 1998 Acta Fisiátrica</subfield>
</datafield>
</record>
</metadata>
</record>