
<record>
<header>
<identifier>oai:revistas.usp.br:article/102173</identifier>
<datestamp>2020-07-31T22:40:54Z</datestamp>
<setSpec>actafisiatrica:Art.+Orig.</setSpec>
<setSpec>driver</setSpec>
</header>
<metadata>
<record xmlns="http://www.loc.gov/MARC21/slim" xmlns:xsi="http://www.w3.org/2001/XMLSchema-instance" xsi:schemaLocation="http://www.loc.gov/MARC21/slim http://www.loc.gov/standards/marcxml/schema/MARC21slim.xsd">
<leader>     nmb a2200000Iu 4500</leader>
<controlfield tag="008">"980409 1998                        eng  "</controlfield>
<datafield tag="022" ind1="#" ind2="#">
<subfield code="$a">2317-0190</subfield>
</datafield>
<datafield tag="022" ind1="#" ind2="#">
<subfield code="$a">0104-7795</subfield>
</datafield>
<datafield tag="042" ind1=" " ind2=" ">
<subfield code="a">dc</subfield>
</datafield>
<datafield tag="245" ind1="0" ind2="0">
<subfield code="a">Testes de função ventilatória e obesidade</subfield>
</datafield>  <datafield tag="720" ind1="1" ind2=" ">
<subfield code="a">Santos, Sérgio dos</subfield>
<subfield code="u">Pontifícia Universidade Católica. Faculdade de Medicina de Sorocaba</subfield></datafield>
<datafield tag="720" ind1="1" ind2=" ">
<subfield code="a">Cincotto, Antônio Nelson</subfield>
<subfield code="u">Pontifícia Universidade Católica. Faculdade de Medicina de Sorocaba</subfield></datafield>
<datafield tag="720" ind1="1" ind2=" ">
<subfield code="a">Gozzano, José Otávio Alquezar</subfield>
<subfield code="u">Pontifícia Universidade Católica. Faculdade de Medicina de Sorocaba</subfield></datafield>
<datafield tag="720" ind1="1" ind2=" ">
<subfield code="a">O&#039;Hara, Carlos</subfield>
</datafield>
<datafield tag="720" ind1="1" ind2=" ">
<subfield code="a">Galiotto, Mirella</subfield>
</datafield>
<datafield tag="520" ind1=" " ind2=" ">
<subfield code="a"> Com a finalidade de conhecer o comportamento das provas funcionais respiratórias nos pacientes obesos, os autores as realizaram em 86 pacientes, sendo 31 homens e 55 mulheres, que foram separados de acordo com o peso, em obesidade mórbida e não-mórbida. A idade dos pacientes era de 30 ± 15 anos e o peso de 84,0 ± 17,2 kg, com IMC médio de 31,5. Todos realizaram provas funcionais quando da internação, e consideramos neste estudo, a capacidade vital forçada, o volume expiratório forçado e a ventilação voluntária váxima. Os pacientes com obesidade mórbida apresentaram, em média, valores menores de ventilação voluntária máxima quando comparados com os obesos não-mórbidos, caracterizando então uma alteração restritiva, com p = 0,024. </subfield>
</datafield>
<datafield tag="260" ind1=" " ind2=" ">
<subfield code="b">Faculdade de Medicina, Universidade de São Paulo</subfield>
</datafield>
<dataField tag="260" ind1=" " ind2=" ">
<subfield code="c">1998-04-09 00:00:00</subfield>
</dataField>   <datafield tag="856" ind1=" " ind2=" ">
<subfield code="q">application/pdf</subfield>
</datafield>
<datafield tag="856" ind1="4" ind2="0">
<subfield code="u">https://www.revistas.usp.br/actafisiatrica/article/view/102173</subfield>
</datafield>  <datafield tag="786" ind1="0" ind2=" ">
<subfield code="n">Acta Fisiátrica; v. 5 n. 1 (1998)</subfield>
</datafield>  <datafield tag="546" ind1=" " ind2=" ">
<subfield code="a">por</subfield>
</datafield>   <datafield tag="540" ind1=" " ind2=" ">
<subfield code="a">Copyright (c) 1998 Acta Fisiátrica</subfield>
</datafield>
</record>
</metadata>
</record>
<resumptionToken expirationDate="2023-08-08T14:49:53Z" completeListSize="935" cursor="50">48651169111fd013d39ee0a3035daf3c</resumptionToken>
</ListRecords>
</OAI-PMH> 